@article{FDSS_1_Kaleh, 
author={Kaleh, G.K.}, 
journal={Communications, IEEE Transactions on}, 
title={Frequency-diversity spread-spectrum communication system to counter bandlimited Gaussian interference}, 
year={1996}, 
month={Jul}, 
volume={44}, 
number={7}, 
pages={886-893}, 
keywords={Gaussian noise;diversity reception;error statistics;interference suppression;jamming;probability;quadrature phase shift keying;radio receivers;signal detection;spread spectrum communication;QPSK;bandlimited Gaussian interference;bandlimited partial-time jamming;bit error probability;error probability;frequency-diversity spread-spectrum communication system;interference bandwidth;interference levels;interference rejection;jammed signals;near-optimum receiver;optimum receiver;polyphase filters;quaternary phase shift keying;side information;signal bandwidth;smart jammer;symbol detection;unjammed signal replicas;Bandwidth;Counting circuits;Error probability;Frequency diversity;Interference;Jamming;Noise level;Phase shift keying;Resists;Spread spectrum communication}, 
doi={10.1109/26.508308}, 
ISSN={0090-6778},
}

@article{FDSS_2_Perez, 
author={Lagunas, Miguel-Angel and Perez-Neira, A.I. and Amin, M.G. and Vidal, J.}, 
journal={Signal Processing, IEEE Transactions on}, 
title={Spatial processing for frequency diversity schemes}, 
year={2000}, 
month={Feb}, 
volume={48}, 
number={2}, 
pages={353-362}, 
keywords={diversity reception;jamming;radiofrequency interference;signal detection;spread spectrum communication;FDSS communication;detection;frequency axis;frequency characteristics;frequency diversity schemes;frequency diversity spread spectrum communication;interferer;linear combiner;optimum blind spatial processing;partial jamming;partial time jamming;robustness;spatial processing;spectral domain;sufficient statistics;Associate members;Frequency diversity;Interference;Jamming;Robustness;Signal analysis;Signal design;Signal processing;Spread spectrum communication;Statistics}, 
doi={10.1109/78.823963}, 
ISSN={1053-587X},
}

@article{FDSS_3,
author = {Fischer Verlag and Daniel Perez-Palomar and Montse Najar and Miguel Angel Lagunas},
title = {Self-reference Spatial Diversity Processing for Spread Spectrum Communications},
year = {2000},
}

@TechReport{FDSS_FHSS_4,
author={Kaleh, G.K.}, 
journal={Communications, IEEE Transactions on}, 
title={Performance comparison of frequency-diversity and frequency-hopping spread-spectrum systems}, 
year={1997}, 
month={Aug}, 
volume={45}, 
number={8}, 
pages={910-912}, 
keywords={Gaussian channels;diversity reception;frequency hop communication;jamming;pseudonoise codes;spread spectrum communication;AWGN channel;coherent diversity combining;coherent reception;direct sequence spread spectrum;frequency diversity spread spectrum systems;frequency hopping spread spectrum systems;jamming;optimum diversity;partial band Gaussian interference;performance comparison;AWGN;Additive white noise;Bandwidth;Detectors;Diversity reception;Error probability;Frequency diversity;Interference;Jamming;Spread spectrum communication}, 
doi={10.1109/26.618289}, 
ISSN={0090-6778},
}


@article{FDSS_5,
author = "Alle-Jan van der Veen", 
title = {Algebraic Methods for Deterministic Blind Beamforming},
}

@book{FDSS_6_SS,
author = "K. Fazel Marconi Communications GmbH; S. Kaiser; S. Kaiser", 
title = {Multi-Carrier and Spread Spectrum Systems}, 
keywords = {German Aerospace Center (DLR)},
publisher = {OSA Opical Society of America}
}

@book{FDSS_7,
author = "John Wiley \& Sons", 
title = {Spread Spectrum Systems},
journal = {}, 
keywords = {},
number = {}, 
pages = {}, 
publisher = {}, 
volume = {}, 
month = {},
place = {New York},
year = "1976"
}

@book{FDSS_8_Wireless,
author = "Andrea Goldsmith", 
title = {Wireless Communications},
school = {Stanford University},
journal = {}, 
keywords = {},
number = {}, 
pages = {}, 
publisher = {}, 
volume = {}, 
month = {},
year = ""
}

@article{FDSS_9_Receiver,
author = "Balasem. S.S , S.K.Tiong, S. P. Koh", 
title = {Beamforming Algorithms Technique by Using MVDR and LCMV, World Applied Programming},
school = {Stanford University},
journal = {WAP Journal}, 
keywords = {},
number = {1}, 
pages = {315-324}, 
publisher = {Special section for proceeding of International E-Conference on Information Technology and Applications }, 
volume = {2}, 
month = {May},
year = "2012"
}

@article{FDSS_10,
author = "Rana Liaqat Ali, Anum Ali, Anis-ur-Rehman, Shahid A. Khan and Shahzad A. Malik", 
title = {Adaptive Beamforming Algorithms for Anti-Jamming},
school = {Stanford University},
journal = {International Journal of Signal Processing, Image Processing and Pattern Recognition }, 
keywords = {},
number = {1}, 
pages = {}, 
publisher = {}, 
volume = {4}, 
month = {March},
year = "2011"
}

@article{FDSS_11,
author = "B. S. Reddy, Dr. A. S. Bhalchandra, Dr. V. R. Ratnaparkhe", 
title = {Adaptive Digital Beam Forming using LMS Algorithm},
journal = {IOSR Journal of Electronics and Communication Engineering }, 
publisher = {}, 
volume = {9}, 
month = {March-April},
year = "2014"
}

@article{FDSS_12,
author = "Daniel perez Palomar, Migel Angel Lagunas", 
title = {Optimum self-reference diversity processing for FDSS and FH communication system},
year = "2000",
}

@article{FDSS_13,
author = "Daniel perez Palomar, Migel Angel Lagunas", 
title = {Air Interface for Fixed Broadband Wireless Access Systems},
group = {Wireless MAN},
journal = {}, 
key = {Std 802},
number = {}, 
pages = {}, 
publisher = {}, 
volume = {}, 
month = {},
year = "2001"
}

@book{Channel_14,
author = "David Tse University of California,Berkeley
And Pramod Viswanath University of Illinois ", 
title = {Fundamentals of Wireless Communication},
group = {Wireless MAN},
journal = { }, 
key = {Std 802},
number = {}, 
pages = {}, 
publisher = {}, 
volume = {}, 
month = {},
year = "2001"
}

@book{Channel_Capacity_16,
author = "C.E. Shannon", 
title = {A mathematical theory of communication},
group = {},
journal = {Bell System Technical Journal}, 
key = {Std 802},
number = {6}, 
pages = {379–423, 623–656}, 
publisher = {}, 
volume = {27}, 
month = {},
year = "1948"
}

@book{Background_18,
author = "Dimitris G. Manolakis, Vinay K. Ingle, Stephen M. Kogon", 
title = {Statistical and Adaptive Signal Processing: Spectral Estimation, Signal Modeling, Adaptive Filtering and Array Processing},
publisher = {Artech House Print on Demand},
month = {April},
year = "2005"
}




@article{blind_beamforming_20,
journal = {}, 
key = {Std 802},
number = {}, 
address = {Pacific Grove, CA}, 
publisher = {Asilomar Conference on Signal, System, and Computers}, 
volume = {}, 
author = "T.E. Biedka, J. H. Reed, and W. H. Tranter", 
title = {Statistics of Blind Spatial Signature Estimators},
month = {November},
year = "2000"
}

@article{beamforming_23,
author = "Van Veen, B.D.; Buckley, K.M", 
title = {Beamforming: a versatile approach to spatial filtering},
publisher = {IEEE}, 
journal = {ASSP Magazine}, 
volume = {5},
number = {2}, 
key = {filtering and prediction theory;reviews;signal processing;adaptive beamforming;beamformer implementations;data independent beamforming;notation;overview;partially adaptive beamforming;signal-processing;spatial filtering;statistically optimum beamforming;terminology;Apertures;Array signal processing;Feeds;Filtering;Frequency;Interference;Microwave filters;Sampling methods;Sensor arrays;Spatial filters},
month = {April},
year = "1988"
}


@article{blind_beamforming_21,
journal = {International Journal of Engineering and Innovative Technology (IJEIT)}, 
key = {},
number = {}, 
address = {}, 
publisher = {}, 
volume = {2}, 
author = "G.C Nwalozie, V.N Okorogu, S.S Maduadichie, A. Adenola", 
title = {A Simple Comparative Evaluation of Adaptive Beam forming Algorithms},
month= {January},
year = "2013"
}

@book{Theory_CH2_22,
author = "John Proakis, Masoud Salehi", 
title = {Digital Communications},
group = {},
journal = {}, 
key = {},
number = {}, 
pages = {}, 
publisher = {}, 
volume = {}, 
month = {},
place{New York},
year = "2001"
}